<?xml version="1.0" encoding="UTF-8"?><record xmlns="http://www.loc.gov/MARC21/slim" xmlns:cinclude="http://apache.org/cocoon/include/1.0" xmlns:zs="http://www.loc.gov/zing/srw/">
  <leader>00469nz  a2200121n  4500</leader>
  <controlfield tag="001">n  85157130 </controlfield>
  <controlfield tag="003">DLC</controlfield>
  <controlfield tag="005">19870613063949.5</controlfield>
  <controlfield tag="008">870428n| acannaab|          |n aaa |||  </controlfield>
  <datafield tag="010" ind1=" " ind2=" ">
    <subfield code="a">n  85157130 </subfield>
  </datafield>
  <datafield tag="040" ind1=" " ind2=" ">
    <subfield code="a">DLC</subfield>
    <subfield code="c">DLC</subfield>
  </datafield>
  <datafield tag="100" ind1="1" ind2="0">
    <subfield code="a">White, Charles W.,</subfield>
    <subfield code="d">1936-</subfield>
  </datafield>
  <datafield tag="670" ind1=" " ind2=" ">
    <subfield code="a">His Benjamin Franklin, 1987:</subfield>
    <subfield code="b">CIP t.p. (Charles W. White) CIP data sheet (b. 8/27/36) CIP info (professor of American literature and film studies, Southeastern Massachusetts University; Ph.D., Harvard, 1967)</subfield>
  </datafield>
</record>